@inproceedings{our-paper,
  author = {He, Hao and Xu, Yulin and Ma, Yixiao and Xu, Yifei and Liang, Guangtai and Zhou, Minghui},
  title = {A Multi-Metric Ranking Approach for Library Migration Recommendations},
  booktitle={Proceedings of the 28th IEEE International Conference on Software Analysis, Evolution and Reengineering (SANER)},
  year = 2021,
  organization={IEEE}
}

%%%%%%%%%% Related Works %%%%%%%%%%%

@inproceedings{teyton2012mining,
  title={Mining library migration graphs},
  author={Teyton, Cedric and Falleri, Jean-Remy and Blanc, Xavier},
  booktitle={2012 19th Working Conference on Reverse Engineering},
  pages={289--298},
  year={2012},
  organization={IEEE}
}

@article{teyton2014study,
  title={A study of library migrations in {Java}},
  author={Teyton, C{\'e}dric and Falleri, Jean-R{\'e}my and Palyart, Marc and Blanc, Xavier},
  journal={Journal of Software: Evolution and Process},
  volume={26},
  number={11},
  pages={1030--1052},
  year={2014},
  publisher={Wiley Online Library}
}

@inproceedings{kabinna2016logging,
  title={Logging library migrations: A case study for the {Apache} software foundation projects},
  author={Kabinna, Suhas and Bezemer, Cor-Paul and Shang, Weiyi and Hassan, Ahmed E},
  booktitle={2016 IEEE/ACM 13th Working Conference on Mining Software Repositories (MSR)},
  pages={154--164},
  year={2016},
  organization={IEEE}
}

@inproceedings{huang2018tell,
  title={Tell them apart: Distilling technology differences from crowd-scale comparison discussions},
  author={Huang, Yi and Chen, Chunyang and Xing, Zhenchang and Lin, Tian and Liu, Yang},
  booktitle={2018 33rd IEEE/ACM International Conference on Automated Software Engineering (ASE)},
  pages={214--224},
  year={2018},
  organization={IEEE}
}

%%%%%%%%%% Related Tools %%%%%%%%%%%

@inproceedings{hora2015apiwave,
  title={{APIWave}: Keeping track of API popularity and migration},
  author={Hora, Andre and Valente, Marco Tulio},
  booktitle={2015 IEEE International Conference on Software Maintenance and Evolution (ICSME)},
  pages={321--323},
  year={2015},
  organization={IEEE}
}


@inproceedings{chen2016similartech,
  title={{SimilarTech}: Automatically recommend analogical libraries across different programming languages},
  author={Chen, Chunyang and Xing, Zhenchang},
  booktitle={Proceedings of the 31st IEEE/ACM International Conference on Automated Software Engineering},
  pages={834--839},
  year={2016}
}

@inproceedings{alrubaye2019migrationminer,
  title={{MigrationMiner}: An automated detection tool of third-party Java library migration at the method level},
  author={Alrubaye, Hussein and Mkaouer, Mohamed Wiem and Ouni, Ali},
  booktitle={2019 IEEE International Conference on Software Maintenance and Evolution (ICSME)},
  pages={414--417},
  year={2019},
  organization={IEEE}
}

@inproceedings{chen2020similarapi,
  title={{SimilarAPI}: Mining analogical APIs for library migration},
  author={Chen, Chunyang},
  booktitle={Proceedings of the ACM/IEEE 42nd International Conference on Software Engineering: Companion Proceedings},
  pages={37--40},
  year={2020}
}

@electronic{alternative-to,
 title    = "{AlternativeTo}: Crowd-Sourced Software Recommendations",
 url      = "https://alternativeto.net/"
}

@electronic{awesome-java,
 title    = "{Awesome-Java}: A curated list of awesome frameworks, libraries and software for the Java programming language.",
 url      = "https://github.com/akullpp/awesome-java"
}

@electronic{stack-overflow-opinion,
 title    = "Opinion based questions",
 url      = "https://meta.stackoverflow.com/questions/255468/opinion-based-questions"
}

@inproceedings{xu2019meditor,
  title={Meditor: Inference and application of {API} migration edits},
  author={Xu, Shengzhe and Dong, Ziqi and Meng, Na},
  booktitle={2019 IEEE/ACM 27th International Conference on Program Comprehension (ICPC)},
  pages={335--346},
  year={2019},
  organization={IEEE}
}

%%%%%%%%%% Others %%%%%%%%%%

@inproceedings{ma2019world,
  title={World of code: An infrastructure for mining the universe of open source {VCS} data},
  author={Ma, Yuxing and Bogart, Chris and Amreen, Sadika and Zaretzki, Russell and Mockus, Audris},
  booktitle={2019 IEEE/ACM 16th International Conference on Mining Software Repositories (MSR)},
  pages={143--154},
  year={2019},
  organization={IEEE}
}

@article{2002-NDCG,
  author    = {Kalervo J{\"{a}}rvelin and
               Jaana Kek{\"{a}}l{\"{a}}inen},
  title     = {Cumulated gain-based evaluation of {IR} techniques},
  journal   = {{ACM} Trans. Inf. Syst.},
  volume    = {20},
  number    = {4},
  pages     = {422--446},
  year      = {2002},
}

@Inbook{Craswell2009MRR,
author="Craswell, Nick",
editor="LIU, LING
and {\"O}ZSU, M. TAMER",
title="Mean Reciprocal Rank",
bookTitle="Encyclopedia of Database Systems",
year="2009",
publisher="Springer US",
address="Boston, MA",
pages="1703--1703",
isbn="978-0-387-39940-9",
doi="10.1007/978-0-387-39940-9_488",
url="https://doi.org/10.1007/978-0-387-39940-9_488"
}

@electronic{libraries-io,
 title    = "Libraries.io Open Data",
 url      = "https://libraries.io/data"
}

@inproceedings{2020FSE-DiffTech,
  title={{DiffTech}: A tool for differencing similar technologies from question-and-answer discussions},
  author={Wang, Han and Chen, Chunyang and Xing, Zhenchang and Grundy, John},
  booktitle={Proceedings of the 28th ACM Joint Meeting on European Software Engineering Conference and Symposium on the Foundations of Software Engineering},
  pages={1576--1580},
  year={2020}
}

@inproceedings{2020FSE-LibComp,
  title={{LibComp}: An {IntelliJ} plugin for comparing Java libraries},
  author={El-Hajj, Rehab and Nadi, Sarah},
  booktitle={Proceedings of the 28th ACM Joint Meeting on European Software Engineering Conference and Symposium on the Foundations of Software Engineering},
  pages={1591--1595},
  year={2020}
}