%%%%%%%%%% Library Migration Studies %%%%%%%%%

@inproceedings{2020ASE-Collie-M3,
  title={M3: Semantic API Migrations},
  author={Collie, Bruce and Ginsbach, Philip and Woodruff, Jackson and Rajan, Ajitha and O'Boyle, Michael FP},
  booktitle={2020 35th IEEE/ACM International Conference on Automated Software Engineering (ASE)},
  pages={90--102},
  year={2020},
  organization={IEEE}
}

@article{2020ASC-Alrubaye-Learning,
  author    = {Hussein Alrubaye and
               Mohamed Wiem Mkaouer and
               Igor Khokhlov and
               Leon Reznik and
               Ali Ouni and
               Jason Mcgoff},
  title     = {Learning to recommend third-party library migration opportunities
               at the {API} level},
  journal   = {Appl. Soft Comput.},
  volume    = {90},
  pages     = {106140},
  year      = {2020},
  doi       = {10.1016/j.asoc.2020.106140},
  timestamp = {Tue, 12 May 2020 16:49:32 +0200},
  biburl    = {https://dblp.org/rec/journals/asc/AlrubayeMKROM20.bib},
  bibsource = {dblp computer science bibliography, https://dblp.org}
}

@inproceedings{2019ICPC-Xu-Meditor,
  title={Meditor: inference and application of API migration edits},
  author={Xu, Shengzhe and Dong, Ziqi and Meng, Na},
  booktitle={2019 IEEE/ACM 27th International Conference on Program Comprehension (ICPC)},
  pages={335--346},
  year={2019},
  organization={IEEE}
}

@inproceedings{2019SANER-Verhaeghe-GUIMigration,
  author    = {Beno{\^{\i}}t Verhaeghe and
               Anne Etien and
               Nicolas Anquetil and
               Abderrahmane Seriai and
               Laurent Deruelle and
               St{\'{e}}phane Ducasse and
               Mustapha Derras},
  editor    = {Xinyu Wang and
               David Lo and
               Emad Shihab},
  title     = {{GUI} Migration using {MDE} from {GWT} to Angular 6: An Industrial
               Case},
  booktitle = {26th {IEEE} International Conference on Software Analysis, Evolution
               and Reengineering, {SANER} 2019, Hangzhou, China, February 24-27,
               2019},
  pages     = {579--583},
  publisher = {{IEEE}},
  year      = {2019},
}

@inproceedings{2019Arxiv-Alrubaye-How,
  author    = {Hussein Alrubaye and
               Deema Alshoaibi and
               Eman Abdullah AlOmar and
               Mohamed Wiem Mkaouer and
               Ali Ouni},
  editor    = {Sihem Ben Sassi and
               St{\'{e}}phane Ducasse and
               Hafedh Mili},
  title     = {How Does Library Migration Impact Software Quality and Comprehension?
               An Empirical Study},
  booktitle = {Reuse in Emerging Software Engineering Practices - 19th International
               Conference on Software and Systems Reuse, {ICSR} 2020, Hammamet, Tunisia,
               December 2-4, 2020, Proceedings},
  series    = {Lecture Notes in Computer Science},
  volume    = {12541},
  pages     = {245--260},
  publisher = {Springer},
  year      = {2020},
  timestamp = {Thu, 17 Dec 2020 18:29:50 +0100},
}

@inproceedings{2019ICPC-Alrubaye-On,
  author    = {Hussein Alrubaye and
               Mohamed Wiem Mkaouer and
               Ali Ouni},
  title     = {On the use of information retrieval to automate the detection of third-party
               Java library migration at the method level},
  booktitle = {Proceedings of the 27th International Conference on Program Comprehension,
               {ICPC} 2019, Montreal, QC, Canada, May 25-31, 2019},
  pages     = {347--357},
  year      = {2019},
}

@inproceedings{2019ICSME-Alrubaye-MigrationMiner,
  author    = {Hussein Alrubaye and
               Mohamed Wiem Mkaouer and
               Ali Ouni},
  title     = {MigrationMiner: An Automated Detection Tool of Third-Party Java Library
               Migration at the Method Level},
  booktitle = {2019 {IEEE} International Conference on Software Maintenance and Evolution,
               {ICSME} 2019, Cleveland, OH, USA, September 29 - October 4, 2019},
  pages     = {414--417},
  publisher = {{IEEE}},
  year      = {2019},
}

@inproceedings{2018CASCON-Alrubaye-Automating,
  author    = {Hussein Alrubaye and
               Mohamed Wiem Mkaouer},
  editor    = {Iosif{-}Viorel Onut and
               Andrew Jaramillo and
               Guy{-}Vincent Jourdan and
               Dorina C. Petriu and
               Wang Chen},
  title     = {Automating the detection of third-party Java library migration at
               the function level},
  booktitle = {Proceedings of the 28th Annual International Conference on Computer
               Science and Software Engineering, {CASCON} 2018, Markham, Ontario,
               Canada, October 29-31, 2018},
  pages     = {60--71},
  publisher = {{ACM}},
  year      = {2018},
}

@inproceedings{2016SANER-Chen-Mining,
  author    = {Chunyang Chen and
               Sa Gao and
               Zhenchang Xing},
  title     = {Mining Analogical Libraries in Q{\&}A Discussions - Incorporating
               Relational and Categorical Knowledge into Word Embedding},
  booktitle = {{IEEE} 23rd International Conference on Software Analysis, Evolution,
               and Reengineering, {SANER} 2016, Suita, Osaka, Japan, March 14-18,
               2016 - Volume 1},
  pages     = {338--348},
  publisher = {{IEEE} Computer Society},
  year      = {2016},
}

@inproceedings{2016MSR-Kabinna-Logging,
  author    = {Suhas Kabinna and
               Cor{-}Paul Bezemer and
               Weiyi Shang and
               Ahmed E. Hassan},
  title     = {Logging library migrations: a case study for the apache software foundation
               projects},
  booktitle = {Proceedings of the 13th International Conference on Mining Software
               Repositories, {MSR} 2016, Austin, TX, USA, May 14-22, 2016},
  pages     = {154--164},
  year      = {2016},
}

@article{2014TOSEM-Santhiar-Mining,
  author    = {Anirudh Santhiar and
               Omesh Pandita and
               Aditya Kanade},
  title     = {Mining Unit Tests for Discovery and Migration of Math APIs},
  journal   = {{ACM} Trans. Softw. Eng. Methodol.},
  volume    = {24},
  number    = {1},
  pages     = {4:1--4:33},
  year      = {2014},
}

@article{2014JournalOfSysAndSoft-Teyton-Study,
  author    = {C{\'{e}}dric Teyton and
               Jean{-}R{\'{e}}my Falleri and
               Marc Palyart and
               Xavier Blanc},
  title     = {A study of library migrations in Java},
  journal   = {Journal of Software: Evolution and Process},
  volume    = {26},
  number    = {11},
  pages     = {1030--1052},
  year      = {2014},
}

@inproceedings{2013WCRE-Teyton-Automatic,
  author    = {C{\'{e}}dric Teyton and
               Jean{-}R{\'{e}}my Falleri and
               Xavier Blanc},
  title     = {Automatic discovery of function mappings between similar libraries},
  booktitle = {20th Working Conference on Reverse Engineering, {WCRE} 2013, Koblenz,
               Germany, October 14-17, 2013},
  pages     = {192--201},
  year      = {2013},
}

@inproceedings{2012WCRE-Teyton-Mining,
  author    = {C{\'{e}}dric Teyton and
               Jean{-}R{\'{e}}my Falleri and
               Xavier Blanc},
  title     = {Mining Library Migration Graphs},
  booktitle = {19th Working Conference on Reverse Engineering, {WCRE} 2012, Kingston,
               ON, Canada, October 15-18, 2012},
  pages     = {289--298},
  year      = {2012},
}

@inproceedings{2010ICSM-Bartolomei-Swing,
  author    = {Thiago Tonelli Bartolomei and
               Krzysztof Czarnecki and
               Ralf L{\"{a}}mmel},
  title     = {Swing to {SWT} and back: Patterns for {API} migration by wrapping},
  booktitle = {26th {IEEE} International Conference on Software Maintenance {(ICSM}
               2010), September 12-18, 2010, Timisoara, Romania},
  pages     = {1--10},
  publisher = {{IEEE} Computer Society},
  year      = {2010},
}

@inproceedings{2010OOPSLA-Kapur-Refactoring,
  author    = {Puneet Kapur and
               Bradley Cossette and
               Robert J. Walker},
  title     = {Refactoring references for library migration},
  booktitle = {Proceedings of the 25th Annual {ACM} {SIGPLAN} Conference on Object-Oriented
               Programming, Systems, Languages, and Applications, {OOPSLA} 2010,
               October 17-21, 2010, Reno/Tahoe, Nevada, {USA}},
  pages     = {726--738},
  year      = {2010},
}

@inproceedings{2009SLE-Bartolomei-Study,
  author    = {Thiago Tonelli Bartolomei and
               Krzysztof Czarnecki and
               Ralf L{\"{a}}mmel and
               Tijs van der Storm},
  title     = {Study of an {API} Migration for Two {XML} APIs},
  booktitle = {Software Language Engineering, Second International Conference, {SLE}
               2009, Denver, CO, USA, October 5-6, 2009, Revised Selected Papers},
  pages     = {42--61},
  year      = {2009},
}

@inproceedings{2005OOPSLA-Balaban-Refactoring,
  author    = {Ittai Balaban and
               Frank Tip and
               Robert M. Fuhrer},
  title     = {Refactoring support for class library migration},
  booktitle = {Proceedings of the 20th Annual {ACM} {SIGPLAN} Conference on Object-Oriented
               Programming, Systems, Languages, and Applications, {OOPSLA} 2005,
               October 16-20, 2005, San Diego, CA, {USA}},
  pages     = {265--279},
  year      = {2005},
}

@inproceedings{2012FSE-Cossette-Seeking,
  author    = {Bradley Cossette and
               Robert J. Walker},
  title     = {Seeking the ground truth: a retroactive study on the evolution and
               migration of software libraries},
  booktitle = {20th {ACM} {SIGSOFT} Symposium on the Foundations of Software Engineering
               (FSE-20), SIGSOFT/FSE'12, Cary, NC, {USA} - November 11 - 16, 2012},
  pages     = {55},
  year      = {2012},
}

%%%%%%%%%% API Mapping Studies %%%%%%%%%

@article{2019TSE-Chen-Mining,
  title={Mining likely analogical apis across third-party libraries via large-scale unsupervised api semantics embedding},
  author={Chen, Chunyang and Xing, Zhenchang and Liu, Yang and Ong, Kent Long Xiong},
  journal={IEEE Transactions on Software Engineering},
  year={2019},
  publisher={IEEE}
}

@inproceedings{2015ICSME-Hora-Apiwave,
  author    = {Andr{\'{e}} C. Hora and
               Marco Tulio Valente},
  editor    = {Rainer Koschke and
               Jens Krinke and
               Martin P. Robillard},
  title     = {Apiwave: Keeping track of {API} popularity and migration},
  booktitle = {2015 {IEEE} International Conference on Software Maintenance and Evolution,
               {ICSME} 2015, Bremen, Germany, September 29 - October 1, 2015},
  pages     = {321--323},
  publisher = {{IEEE} Computer Society},
  year      = {2015},
}

@inproceedings{2013ICSE-Gokhale-Inferring,
  author    = {Amruta Gokhale and
               Vinod Ganapathy and
               Yogesh Padmanaban},
  editor    = {David Notkin and
               Betty H. C. Cheng and
               Klaus Pohl},
  title     = {Inferring likely mappings between APIs},
  booktitle = {35th International Conference on Software Engineering, {ICSE} '13,
               San Francisco, CA, USA, May 18-26, 2013},
  pages     = {82--91},
  publisher = {{IEEE} Computer Society},
  year      = {2013},
}

@inproceedings{2011FSE-Zheng-Cross,
  author    = {Wujie Zheng and
               Qirun Zhang and
               Michael R. Lyu},
  editor    = {Tibor Gyim{\'{o}}thy and
               Andreas Zeller},
  title     = {Cross-library {API} recommendation using web search engines},
  booktitle = {SIGSOFT/FSE'11 19th {ACM} {SIGSOFT} Symposium on the Foundations of
               Software Engineering {(FSE-19)} and ESEC'11: 13th European Software
               Engineering Conference (ESEC-13), Szeged, Hungary, September 5-9,
               2011},
  pages     = {480--483},
  publisher = {{ACM}},
  year      = {2011},
}

@inproceedings{2010ICSE-Nita-Using,
  author    = {Marius Nita and
               David Notkin},
  editor    = {Jeff Kramer and
               Judith Bishop and
               Premkumar T. Devanbu and
               Sebasti{\'{a}}n Uchitel},
  title     = {Using twinning to adapt programs to alternative APIs},
  booktitle = {Proceedings of the 32nd {ACM/IEEE} International Conference on Software
               Engineering - Volume 1, {ICSE} 2010, Cape Town, South Africa, 1-8
               May 2010},
  pages     = {205--214},
  publisher = {{ACM}},
  year      = {2010},
}

%%%%%%%%%% Library Recommendation Studies %%%%%%%%%

@article{2020TSE-He-Diversified,
  title={Diversified Third-party Library Prediction for Mobile App Development},
  author={He, Qiang and Li, Bo and Chen, Feifei and Grundy, John and Xia, Xin and Yang, Yun},
  journal={IEEE Transactions on Software Engineering},
  year={2020},
  publisher={IEEE}
}

@article{2020JSS-Nguyen-CrossRec,
  title={CrossRec: Supporting software developers by recommending third-party libraries},
  author={Nguyen, Phuong T and Di Rocco, Juri and Di Ruscio, Davide and Di Penta, Massimiliano},
  journal={Journal of Systems and Software},
  volume={161},
  pages={110460},
  year={2020},
  publisher={Elsevier}
}

@inproceedings{2019MSR-Theeten-Import2Vec,
  author    = {Bart Theeten and
               Frederik Vandeputte and
               Tom Van Cutsem},
  title     = {Import2vec learning embeddings for software libraries},
  booktitle = {Proceedings of the 16th International Conference on Mining Software
               Repositories, {MSR} 2019, 26-27 May 2019, Montreal, Canada},
  pages     = {18--28},
  year      = {2019},
}

@article{2018JSS-Saied-Improving,
  title={Improving reusability of software libraries through usage pattern mining},
  author={Saied, Mohamed Aymen and Ouni, Ali and Sahraoui, Houari and Kula, Raula Gaikovina and Inoue, Katsuro and Lo, David},
  journal={Journal of Systems and Software},
  volume={145},
  pages={164--179},
  year={2018},
  publisher={Elsevier}
}

@inproceedings{2018PROMISE-Mora-An,
  author    = {Fernando L{\'{o}}pez de la Mora and
               Sarah Nadi},
  title     = {An Empirical Study of Metric-based Comparisons of Software Libraries},
  booktitle = {Proceedings of the 14th International Conference on Predictive Models
               and Data Analytics in Software Engineering, {PROMISE} 2018, Oulu,
               Finland, October 10, 2018},
  pages     = {22--31},
  year      = {2018},
}

@inproceedings{2018ICSE-Mora-Which,
  author    = {Fernando L{\'{o}}pez de la Mora and
               Sarah Nadi},
  title     = {Which library should {I} use?: a metric-based comparison of software
               libraries},
  booktitle = {Proceedings of the 40th International Conference on Software Engineering:
               New Ideas and Emerging Results, {ICSE} {(NIER)} 2018, Gothenburg,
               Sweden, May 27 - June 03, 2018},
  pages     = {37--40},
  year      = {2018},
}

@article{2017InfoSciAndTech-Ouni-Search,
  author    = {Ali Ouni and
               Raula Gaikovina Kula and
               Marouane Kessentini and
               Takashi Ishio and
               Daniel M. Germ{\'{a}}n and
               Katsuro Inoue},
  title     = {Search-based software library recommendation using multi-objective
               optimization},
  journal   = {Information {\&} Software Technology},
  volume    = {83},
  pages     = {55--75},
  year      = {2017},
}

@inproceedings{2016ASE-SimilarTech,
  author    = {Chunyang Chen and
               Zhenchang Xing},
  title     = {SimilarTech: automatically recommend analogical libraries across different
               programming languages},
  booktitle = {Proceedings of the 31st {IEEE/ACM} International Conference on Automated
               Software Engineering, {ASE} 2016, Singapore, September 3-7, 2016},
  pages     = {834--839},
  year      = {2016},
}

@inproceedings{2013WCRE-Thung-Automated,
  author    = {Ferdian Thung and
               David Lo and
               Julia L. Lawall},
  title     = {Automated library recommendation},
  booktitle = {20th Working Conference on Reverse Engineering, {WCRE} 2013, Koblenz,
               Germany, October 14-17, 2013},
  pages     = {182--191},
  year      = {2013},
}

%%%%%%%%%% Library Upgrade Studies %%%%%%%%%%

@article{2018EMSE-Kula-Do,
  author    = {Raula Gaikovina Kula and
               Daniel M. Germ{\'{a}}n and
               Ali Ouni and
               Takashi Ishio and
               Katsuro Inoue},
  title     = {Do developers update their library dependencies? - An empirical study
               on the impact of security advisories on library migration},
  journal   = {Empirical Software Engineering},
  volume    = {23},
  number    = {1},
  pages     = {384--417},
  year      = {2018},
}

@inproceedings{2018ICSME-Zapata-Towards,
  author    = {Rodrigo Elizalde Zapata and
               Raula Gaikovina Kula and
               Bodin Chinthanet and
               Takashi Ishio and
               Kenichi Matsumoto and
               Akinori Ihara},
  title     = {Towards Smoother Library Migrations: {A} Look at Vulnerable Dependency
               Migrations at Function Level for npm JavaScript Packages},
  booktitle = {2018 {IEEE} International Conference on Software Maintenance and Evolution,
               {ICSME} 2018, Madrid, Spain, September 23-29, 2018},
  pages     = {559--563},
  year      = {2018},
}

%%%%%%%%%% Language Migration Studies %%%%%%%%%%

@inproceedings{2019FSE-Bui-SAR,
  author    = {Nghi D. Q. Bui and
               Yijun Yu and
               Lingxiao Jiang},
  editor    = {Marlon Dumas and
               Dietmar Pfahl and
               Sven Apel and
               Alessandra Russo},
  title     = {{SAR:} learning cross-language {API} mappings with little knowledge},
  booktitle = {Proceedings of the {ACM} Joint Meeting on European Software Engineering
               Conference and Symposium on the Foundations of Software Engineering,
               {ESEC/SIGSOFT} {FSE} 2019, Tallinn, Estonia, August 26-30, 2019},
  pages     = {796--806},
  publisher = {{ACM}},
  year      = {2019},
}

@inproceedings{2017SANER-Dorninger-Multi,
  author    = {Bernhard Dorninger and
               Michael Moser and
               Josef Pichler},
  editor    = {Martin Pinzger and
               Gabriele Bavota and
               Andrian Marcus},
  title     = {Multi-language re-documentation to support a {COBOL} to Java migration
               project},
  booktitle = {{IEEE} 24th International Conference on Software Analysis, Evolution
               and Reengineering, {SANER} 2017, Klagenfurt, Austria, February 20-24,
               2017},
  pages     = {536--540},
  publisher = {{IEEE} Computer Society},
  year      = {2017},
}

@inproceedings{2017ICSE-Phan-Statistical,
  author    = {Hung Dang Phan and
               Anh Tuan Nguyen and
               Trong Duc Nguyen and
               Tien N. Nguyen},
  title     = {Statistical migration of {API} usages},
  booktitle = {Proceedings of the 39th International Conference on Software Engineering,
               {ICSE} 2017, Buenos Aires, Argentina, May 20-28, 2017 - Companion
               Volume},
  pages     = {47--50},
  year      = {2017},
}

@inproceedings{2017ICJAI-Gu-DeepAM,
  author    = {Xiaodong Gu and
               Hongyu Zhang and
               Dongmei Zhang and
               Sunghun Kim},
  title     = {DeepAM: Migrate APIs with Multi-modal Sequence to Sequence Learning},
  booktitle = {Proceedings of the Twenty-Sixth International Joint Conference on
               Artificial Intelligence, {IJCAI} 2017, Melbourne, Australia, August
               19-25, 2017},
  pages     = {3675--3681},
  year      = {2017},
}

@inproceedings{2016ICSM-Nguyen-Context,
  author    = {Anh Tuan Nguyen and
               Zhaopeng Tu and
               Tien N. Nguyen},
  title     = {Do Contexts Help in Phrase-Based, Statistical Source Code Migration?},
  booktitle = {2016 {IEEE} International Conference on Software Maintenance and Evolution,
               {ICSME} 2016, Raleigh, NC, USA, October 2-7, 2016},
  pages     = {155--165},
  year      = {2016},
}

@inproceedings{2016ICSE-Nguyen-Mapping,
  author    = {Trong Duc Nguyen and
               Anh Tuan Nguyen and
               Tien N. Nguyen},
  title     = {Mapping {API} elements for code migration with vector representations},
  booktitle = {Proceedings of the 38th International Conference on Software Engineering,
               {ICSE} 2016, Austin, TX, USA, May 14-22, 2016 - Companion Volume},
  pages     = {756--758},
  year      = {2016},
}

@inproceedings{2015ASE-Nguyen-DivideAndConquer,
  author    = {Anh Tuan Nguyen and
               Tung Thanh Nguyen and
               Tien N. Nguyen},
  title     = {Divide-and-Conquer Approach for Multi-phase Statistical Migration
               for Source Code {(T)}},
  booktitle = {30th {IEEE/ACM} International Conference on Automated Software Engineering,
               {ASE} 2015, Lincoln, NE, USA, November 9-13, 2015},
  pages     = {585--596},
  year      = {2015},
}

@inproceedings{2014ASE-Nguyen-Statistical,
  author    = {Anh Tuan Nguyen and
               Hoan Anh Nguyen and
               Tung Thanh Nguyen and
               Tien N. Nguyen},
  title     = {Statistical learning approach for mining {API} usage mappings for
               code migration},
  booktitle = {{ACM/IEEE} International Conference on Automated Software Engineering,
               {ASE} '14, Vasteras, Sweden - September 15 - 19, 2014},
  pages     = {457--468},
  year      = {2014},
}

@inproceedings{2013FSE-Nguyen-Lexical,
  author    = {Anh Tuan Nguyen and
               Tung Thanh Nguyen and
               Tien N. Nguyen},
  title     = {Lexical statistical machine translation for language migration},
  booktitle = {Joint Meeting of the European Software Engineering Conference and
               the {ACM} {SIGSOFT} Symposium on the Foundations of Software Engineering,
               ESEC/FSE'13, Saint Petersburg, Russian Federation, August 18-26, 2013},
  pages     = {651--654},
  year      = {2013},
}

%%%%%%%%%% Dependency Management Studies %%%%%%%%%%

@inproceedings{2020ICSME-Wang-Empirical,
  title={An Empirical Study of Usages, Updates and Risks of Third-Party Libraries in Java Projects},
  author={Wang, Ying and Chen, Bihuan and Huang, Kaifeng and Shi, Bowen and Xu, Congying and Peng, Xin and Wu, Yijian and Liu, Yang},
  booktitle={2020 IEEE International Conference on Software Maintenance and Evolution (ICSME)},
  pages={35--45},
  year={2020},
  organization={IEEE}
}

@article{2020FSE-Huang-Interactive,
  title={Interactive, Effort-Aware Library Version Harmonization},
  author={Huang, Kaifeng and Chen, Bihuan and Shi, Bowen and Wang, Ying and Xu, Congying and Peng, Xin},
  journal={ACM Joint European Software Engineering Conference and Symposium on the Foundations of Software Engineering (ESEC/FSE 2020)},
  year={2020}
}

@article{2020FSE-Larios-Selecting,
  title={Selecting third-party libraries: The practitioners' perspective},
  author={Larios-Vargas, Enrique and Aniche, Maur{\'\i}cio and Treude, Christoph and Bruntink, Magiel and Gousios, Georgios},
  journal={ACM Joint European Software Engineering Conference and Symposium on the Foundations of Software Engineering (ESEC/FSE 2020)},
  year={2020}
}

@inproceedings{2020ICSE-Wang-Watchman,
  title={Watchman: monitoring dependency conflicts for Python library ecosystem},
  author={Wang, Ying and Wen, Ming and Liu, Yepang and Wang, Yibo and Li, Zhenming and Wang, Chao and Yu, Hai and Cheung, Shing-Chi and Xu, Chang and Zhu, Zhiliang},
  booktitle={Proceedings of the ACM/IEEE 42nd International Conference on Software Engineering},
  pages={125--135},
  year={2020}
}

@inproceedings{2019MSR-Dietrich-DependencyVersioning,
  author    = {Jens Dietrich and
               David J. Pearce and
               Jacob Stringer and
               Amjed Tahir and
               Kelly Blincoe},
  title     = {Dependency versioning in the wild},
  booktitle = {Proceedings of the 16th International Conference on Mining Software
               Repositories, {MSR} 2019, 26-27 May 2019, Montreal, Canada},
  pages     = {349--359},
  year      = {2019},
}

@inproceedings{2019MSR-Valero-DiversityMaven,
  author    = {C{\'{e}}sar Soto{-}Valero and
               Amine Benelallam and
               Nicolas Harrand and
               Olivier Barais and
               Benoit Baudry},
  title     = {The emergence of software diversity in maven central},
  booktitle = {Proceedings of the 16th International Conference on Mining Software
               Repositories, {MSR} 2019, 26-27 May 2019, Montreal, Canada},
  pages     = {333--343},
  year      = {2019},
}

@article{2019TSE-Decan-Semantic,
  title={What do package dependencies tell us about semantic versioning?},
  author={Decan, Alexandre and Mens, Tom},
  journal={IEEE Transactions on Software Engineering},
  year={2019},
  publisher={IEEE}
}

@inproceedings{2018FSE-Wang-Do,
  author    = {Ying Wang and
               Ming Wen and
               Zhenwei Liu and
               Rongxin Wu and
               Rui Wang and
               Bo Yang and
               Hai Yu and
               Zhiliang Zhu and
               Shing{-}Chi Cheung},
  title     = {Do the dependency conflicts in my project matter?},
  booktitle = {Proceedings of the 2018 {ACM} Joint Meeting on European Software Engineering
               Conference and Symposium on the Foundations of Software Engineering,
               {ESEC/SIGSOFT} {FSE} 2018, Lake Buena Vista, FL, USA, November 04-09,
               2018},
  pages     = {319--330},
  year      = {2018},
}

@inproceedings{2017MSR-Kikas-Structure,
  author    = {Riivo Kikas and
               Georgios Gousios and
               Marlon Dumas and
               Dietmar Pfahl},
  title     = {Structure and evolution of package dependency networks},
  booktitle = {Proceedings of the 14th International Conference on Mining Software
               Repositories, {MSR} 2017, Buenos Aires, Argentina, May 20-28, 2017},
  pages     = {102--112},
  year      = {2017},
}

@inproceedings{2019USENIXSec-Zimmermann-Small,
  author    = {Markus Zimmermann and
               Cristian{-}Alexandru Staicu and
               Cam Tenny and
               Michael Pradel},
  editor    = {Nadia Heninger and
               Patrick Traynor},
  title     = {Small World with High Risks: {A} Study of Security Threats in the
               npm Ecosystem},
  booktitle = {28th {USENIX} Security Symposium, {USENIX} Security 2019, Santa Clara,
               CA, USA, August 14-16, 2019},
  pages     = {995--1010},
  publisher = {{USENIX} Association},
  year      = {2019},
}

@inproceedings{2018MSR-Decan-On,
  author    = {Alexandre Decan and
               Tom Mens and
               Eleni Constantinou},
  editor    = {Andy Zaidman and
               Yasutaka Kamei and
               Emily Hill},
  title     = {On the impact of security vulnerabilities in the npm package dependency
               network},
  booktitle = {Proceedings of the 15th International Conference on Mining Software
               Repositories, {MSR} 2018, Gothenburg, Sweden, May 28-29, 2018},
  pages     = {181--191},
  publisher = {{ACM}},
  year      = {2018},
}

%%%%%%%%%% Other Studies %%%%%%%%%%

@inproceedings{2019MSR-Ma-WorldOfCode,
  author    = {Yuxing Ma and
               Chris Bogart and
               Sadika Amreen and
               Russell Zaretzki and
               Audris Mockus},
  title     = {World of code: an infrastructure for mining the universe of open source
               {VCS} data},
  booktitle = {Proceedings of the 16th International Conference on Mining Software
               Repositories, {MSR} 2019, 26-27 May 2019, Montreal, Canada},
  pages     = {143--154},
  year      = {2019},
}

@inproceedings{2019FSE-Mockus-SoftwareSupplyChain,
  author    = {Audris Mockus},
  title     = {Insights from open source software supply chains (keynote)},
  booktitle = {Proceedings of the {ACM} Joint Meeting on European Software Engineering
               Conference and Symposium on the Foundations of Software Engineering,
               {ESEC/SIGSOFT} {FSE} 2019, Tallinn, Estonia, August 26-30, 2019},
  pages     = {3},
  year      = {2019},
}

@inproceedings{2018FSE-Valiev-Ecosystem,
  author    = {Marat Valiev and
               Bogdan Vasilescu and
               James D. Herbsleb},
  title     = {Ecosystem-level determinants of sustained activity in open-source
               projects: a case study of the PyPI ecosystem},
  booktitle = {Proceedings of the 2018 {ACM} Joint Meeting on European Software Engineering
               Conference and Symposium on the Foundations of Software Engineering,
               {ESEC/SIGSOFT} {FSE} 2018, Lake Buena Vista, FL, USA, November 04-09,
               2018},
  pages     = {644--655},
  year      = {2018},
}

@inproceedings{2017FSE-Coelho-Why,
  author    = {Jailton Coelho and
               Marco Tulio Valente},
  title     = {Why modern open source projects fail},
  booktitle = {Proceedings of the 2017 11th Joint Meeting on Foundations of Software
               Engineering, {ESEC/FSE} 2017, Paderborn, Germany, September 4-8, 2017},
  pages     = {186--196},
  year      = {2017},
}

@article{2016-SPE-Spoon,
  title={Spoon: A library for implementing analyses and transformations of java source code},
  author={Pawlak, Renaud and Monperrus, Martin and Petitprez, Nicolas and Noguera, Carlos and Seinturier, Lionel},
  journal={Software: Practice and Experience},
  volume={46},
  number={9},
  pages={1155--1179},
  year={2016},
  publisher={Wiley Online Library}
}

@article{2007ESEM-Mohagheghi-Quality,
  author    = {Parastoo Mohagheghi and
               Reidar Conradi},
  title     = {Quality, productivity and economic benefits of software reuse: a review
               of industrial studies},
  journal   = {Empirical Software Engineering},
  volume    = {12},
  number    = {5},
  pages     = {471--516},
  year      = {2007},
}

@inproceedings{2010OOPSLA-Nguyen-Graph,
  author    = {Hoan Anh Nguyen and
               Tung Thanh Nguyen and
               Gary Wilson Jr. and
               Anh Tuan Nguyen and
               Miryung Kim and
               Tien N. Nguyen},
  editor    = {William R. Cook and
               Siobh{\'{a}}n Clarke and
               Martin C. Rinard},
  title     = {A graph-based approach to {API} usage adaptation},
  booktitle = {Proceedings of the 25th Annual {ACM} {SIGPLAN} Conference on Object-Oriented
               Programming, Systems, Languages, and Applications, {OOPSLA} 2010,
               October 17-21, 2010, Reno/Tahoe, Nevada, {USA}},
  pages     = {302--321},
  publisher = {{ACM}},
  year      = {2010},
}

@inproceedings{2018MSR-Lamothe-Exploring,
  author    = {Maxime Lamothe and
               Weiyi Shang},
  editor    = {Andy Zaidman and
               Yasutaka Kamei and
               Emily Hill},
  title     = {Exploring the use of automated {API} migrating techniques in practice:
               an experience report on Android},
  booktitle = {Proceedings of the 15th International Conference on Mining Software
               Repositories, {MSR} 2018, Gothenburg, Sweden, May 28-29, 2018},
  pages     = {503--514},
  publisher = {{ACM}},
  year      = {2018},
}

@article{2017JSS-Niu-API,
  title={API usage pattern recommendation for software development},
  author={Niu, Haoran and Keivanloo, Iman and Zou, Ying},
  journal={Journal of Systems and Software},
  volume={129},
  pages={127--139},
  year={2017},
  publisher={Elsevier}
}

@inproceedings{2014WCRE-Hora-APIEvolutionMiner,
  author    = {Andr{\'{e}} C. Hora and
               Anne Etien and
               Nicolas Anquetil and
               St{\'{e}}phane Ducasse and
               Marco Tulio Valente},
  editor    = {Serge Demeyer and
               Dave W. Binkley and
               Filippo Ricca},
  title     = {APIEvolutionMiner: Keeping {API} evolution under control},
  booktitle = {2014 Software Evolution Week - {IEEE} Conference on Software Maintenance,
               Reengineering, and Reverse Engineering, {CSMR-WCRE} 2014, Antwerp,
               Belgium, February 3-6, 2014},
  pages     = {420--424},
  publisher = {{IEEE} Computer Society},
  year      = {2014},
}

@inproceedings{2014FSE-Ye-Learning,
  title={Learning to rank relevant files for bug reports using domain knowledge},
  author={Ye, Xin and Bunescu, Razvan and Liu, Chang},
  booktitle={Proceedings of the 22nd ACM SIGSOFT International Symposium on Foundations of Software Engineering},
  pages={689--699},
  year={2014}
}

@inproceedings{2007MODEL-Fleurey-Model,
  author    = {Franck Fleurey and
               Erwan Breton and
               Benoit Baudry and
               Alain Nicolas and
               Jean{-}Marc J{\'{e}}z{\'{e}}quel},
  editor    = {Gregor Engels and
               Bill Opdyke and
               Douglas C. Schmidt and
               Frank Weil},
  title     = {Model-Driven Engineering for Software Migration in a Large Industrial
               Context},
  booktitle = {Model Driven Engineering Languages and Systems, 10th International
               Conference, MoDELS 2007, Nashville, USA, September 30 - October 5,
               2007, Proceedings},
  series    = {Lecture Notes in Computer Science},
  volume    = {4735},
  pages     = {482--497},
  publisher = {Springer},
  year      = {2007},
}

@inproceedings{2008ICSE-Dagenais-Recommending,
  author    = {Barth{\'{e}}l{\'{e}}my Dagenais and
               Martin P. Robillard},
  editor    = {Wilhelm Sch{\"{a}}fer and
               Matthew B. Dwyer and
               Volker Gruhn},
  title     = {Recommending adaptive changes for framework evolution},
  booktitle = {30th International Conference on Software Engineering {(ICSE} 2008),
               Leipzig, Germany, May 10-18, 2008},
  pages     = {481--490},
  publisher = {{ACM}},
  year      = {2008},
}

@inproceedings{2005ICSE-Henkel-CatchUp,
  author    = {Johannes Henkel and
               Amer Diwan},
  editor    = {Gruia{-}Catalin Roman and
               William G. Griswold and
               Bashar Nuseibeh},
  title     = {CatchUp!: capturing and replaying refactorings to support {API} evolution},
  booktitle = {27th International Conference on Software Engineering {(ICSE} 2005),
               15-21 May 2005, St. Louis, Missouri, {USA}},
  pages     = {274--283},
  publisher = {{ACM}},
  year      = {2005},
}

@article{2002-NDCG,
  author    = {Kalervo J{\"{a}}rvelin and
               Jaana Kek{\"{a}}l{\"{a}}inen},
  title     = {Cumulated gain-based evaluation of {IR} techniques},
  journal   = {{ACM} Trans. Inf. Syst.},
  volume    = {20},
  number    = {4},
  pages     = {422--446},
  year      = {2002},
}

@article{1994IEEESoftware-Lim-Effects,
  author    = {Wayne C. Lim},
  title     = {Effects of Reuse on Quality, Productivity, and Economics},
  journal   = {{IEEE} Software},
  volume    = {11},
  number    = {5},
  pages     = {23--30},
  year      = {1994},
}

@article{1986-Mayers-Diff,
  title={An O(ND) difference algorithm and its variations},
  author={Myers, Eugene W},
  journal={Algorithmica},
  volume={1},
  number={1-4},
  pages={251--266},
  year={1986},
  publisher={Springer}
}

%%%%%%%%%% Websites %%%%%%%%%%

@electronic{GitHub,
 title    = "GitHub",
 url      = "https://github.com/",
 urldate = {2010-09-30}
}

@electronic{Maven,
 title    = "Maven Central Repository",
 url      = "https://mvnrepository.com/repos/central"
}

@electronic{Maven-Tool,
 title    = "Apache Maven Project",
 url      = "http://maven.apache.org/"
}

@electronic{NPM,
 title    = "NPM",
 url      = "https://www.npmjs.com/"
}

@electronic{LibrariesIO,
 title    = "Libraries.io Open Data",
 url      = "https://libraries.io/data"
}

@electronic{BCEL,
 title    = "Apache Commons BCEL™ - Byte Code Engineering Library",
 url      = "https://commons.apache.org/proper/commons-bcel/"
}

@electronic{ApacheCommons,
 title    = "Apache Commons™",
 url      = "http://commons.apache.org/"
}

@electronic{MongoDB,
 title    = "MongoDB: The Database for Modern Applications",
 url      = "https://www.mongodb.com/"
}

@electronic{Spring,
 title    = "Spring Home",
 url      = "https://spring.io/"
}

@electronic{orgjson,
 title    = "Maven Repository: org.json:json",
 url      = "https://mvnrepository.com/artifact/org.json/json"
}

@electronic{jackson,
 title    = "Maven Repository: com.fasterxml.jackson.core:jackson-core",
 url      = "https://mvnrepository.com/artifact/com.fasterxml.jackson.core/jackson-core"
}

@electronic{gson,
 title    = "Maven Repository: com.google.code.gson:gson",
 url      = "https://mvnrepository.com/artifact/com.google.code.gson/gson"
}

@electronic{awesome-java,
 title    = "Awesome Java: A curated list of awesome frameworks, libraries and software for the Java programming language.",
 url      = "https://github.com/akullpp/awesome-java"
}

@electronic{alternative-to,
 title    = "AlternativeTo: Crowd-Sourced Software Recommendations",
 url      = "https://alternativeto.net/"
}



@Inbook{Craswell2009MRR,
author="Craswell, Nick",
editor="LIU, LING
and {\"O}ZSU, M. TAMER",
title="Mean Reciprocal Rank",
bookTitle="Encyclopedia of Database Systems",
year="2009",
publisher="Springer US",
address="Boston, MA",
pages="1703--1703",
isbn="978-0-387-39940-9",
doi="10.1007/978-0-387-39940-9_488",
url="https://doi.org/10.1007/978-0-387-39940-9_488"
}

@inproceedings{2014ASE-Van-Tracing,
  title={Tracing software build processes to uncover license compliance inconsistencies},
  author={Van Der Burg, Sander and Dolstra, Eelco and McIntosh, Shane and Davies, Julius and German, Daniel M and Hemel, Armijn},
  booktitle={Proceedings of the 29th ACM/IEEE International Conference on Automated Software Engineering},
  pages={731--742},
  year={2014}
}

@article{2012IEEESoftware-German-Method,
  title={A method for open source license compliance of java applications},
  author={German, Daniel and Di Penta, Massimiliano},
  journal={IEEE Software},
  volume={29},
  number={3},
  pages={58--63},
  year={2012},
  publisher={IEEE}
}



